<?xml version="1.0" encoding="UTF-8"?><collection xmlns="http://www.loc.gov/MARC21/slim"><record><leader>00376nam--2200133-i-4500</leader><controlfield tag="001">000013537</controlfield><controlfield tag="002">20161230</controlfield><controlfield tag="005">20161230201030</controlfield><controlfield tag="008">060222s1000------------r-----000-0-eng-d</controlfield><datafield ind1=" " ind2=" " tag="080"><subfield code="a">539.12.044.541.28</subfield></datafield><datafield ind1=" " ind2=" " tag="245"><subfield code="a">Chemical effects of nuclear transformations in</subfield></datafield><datafield ind1=" " ind2=" " tag="260"><subfield code="a">Amsterdam, North-holland Publishingg Company,</subfield></datafield><datafield ind1=" " ind2=" " tag="700"><subfield code="a">Harbotte, G. And Maddock, A.G</subfield></datafield><datafield ind1=" " ind2=" " tag="852"><subfield code="a">47054</subfield></datafield></record></collection>